
@article{1963_Lorenz_DeterministicNonperiodicFlow,
  title = {Deterministic {{Nonperiodic Flow}}},
  author = {Lorenz, Edward N.},
  date = {1963-03-01},
  journaltitle = {Journal of the Atmospheric Sciences},
  volume = {20},
  pages = {130--141},
  publisher = {{American Meteorological Society}},
  doi = {10.1175/1520-0469(1963)020<0130:DNF>2.0.CO;2},
  number = {2}
}

@article{2002_Igboekwe_StochasticSimulationHourly,
  title = {Stochastic {{Simulation}} of {{Hourly Average Wind Speed}} in {{Umudike}} , {{South}}-{{East Nigeria}}},
  author = {Igboekwe, M. U. and Omekara, C. O.},
  date = {2002-01-01},
  journaltitle = {Glo Jnl Math Scie},
  volume = {1},
  pages = {59--66},
  doi = {10.4314/gjmas.v1i1.21323},
  number = {1}
}

@article{2002_Sfetsos_NovelApproachForecasting,
  title = {A Novel Approach for the Forecasting of Mean Hourly Wind Speed Time Series},
  author = {Sfetsos, A.},
  date = {2002-10},
  journaltitle = {Renewable Energy},
  volume = {27},
  pages = {163--174},
  doi = {10.1016/S0960-1481(01)00193-8},
  number = {2}
}

@article{2005_Torres_ForecastHourlyAverage,
  title = {Forecast of Hourly Average Wind Speed with {{ARMA}} Models in {{Navarre}} ({{Spain}})},
  author = {Torres, J.L. and García, A. and De Blas, M. and De Francisco, A.},
  date = {2005-07},
  journaltitle = {Solar Energy},
  volume = {79},
  pages = {65--77},
  doi = {10.1016/j.solener.2004.09.013},
  number = {1}
}

@article{2007_Bilgili_ApplicationArtificialNeural,
  title = {Application of Artificial Neural Networks for the Wind Speed Prediction of Target Station Using Reference Stations Data},
  author = {Bilgili, Mehmet and Sahin, Besir and Yasar, Abdulkadir},
  date = {2007-11},
  journaltitle = {Renewable Energy},
  volume = {32},
  pages = {2350--2360},
  doi = {10.1016/j.renene.2006.12.001},
  number = {14}
}

@article{2007_Ewing_TimeSeriesAnalysis,
  title = {Time Series Analysis of Wind Speed Using {{VAR}} and the Generalized Impulse Response Technique},
  author = {Ewing, Bradley T. and Kruse, Jamie Brown and Schroeder, John L. and Smith, Douglas A.},
  date = {2007-03},
  journaltitle = {Journal of Wind Engineering and Industrial Aerodynamics},
  volume = {95},
  pages = {209--219},
  doi = {10.1016/j.jweia.2006.06.001},
  number = {3}
}

@article{2009_Hocaoglu_MycielskiApproachWind,
  title = {Mycielski Approach for Wind Speed Prediction},
  author = {Hocaoğlu, Fatih O. and Fidan, Mehmet and Gerek, Ömer N.},
  date = {2009-06},
  journaltitle = {Energy Conversion and Management},
  volume = {50},
  pages = {1436--1443},
  doi = {10.1016/j.enconman.2009.03.003},
  number = {6}
}

@article{2011_Erdem_ARMABasedApproaches,
  title = {{{ARMA}} Based Approaches for Forecasting the Tuple of Wind Speed and Direction},
  author = {Erdem, Ergin and Shi, Jing},
  date = {2011-04},
  journaltitle = {Applied Energy},
  volume = {88},
  pages = {1405--1414},
  doi = {10.1016/j.apenergy.2010.10.031}
}

@article{2011_Guo_CorrectedHybridApproach,
  title = {A Corrected Hybrid Approach for Wind Speed Prediction in {{Hexi Corridor}} of {{China}}},
  author = {Guo, Zhenhai and Zhao, Jing and Zhang, Wenyu and Wang, Jianzhou},
  date = {2011-03},
  journaltitle = {Energy},
  volume = {36},
  pages = {1668--1679},
  doi = {10.1016/j.energy.2010.12.063},
  number = {3}
}

@article{2012_Cao_ForecastingWindSpeed,
  title = {Forecasting Wind Speed with Recurrent Neural Networks},
  author = {Cao, Qing and Ewing, Bradley T. and Thompson, Mark A.},
  date = {2012-08},
  journaltitle = {European Journal of Operational Research},
  volume = {221},
  pages = {148--154},
  doi = {10.1016/j.ejor.2012.02.042},
  number = {1}
}

@article{2012_MuhammadSami_PredictionRateDust,
  title = {Prediction of the Rate of Dust Fall in {{Quetta}} City, {{Pakistan}} Using Seasonal {{ARIMA}} ({{SARIMA}}) Modeling},
  author = {{Muhammad Sami}},
  date = {2012-03-02},
  journaltitle = {Int. J. Phys. Sci.},
  volume = {7},
  doi = {10.5897/IJPS11.1357},
  number = {10}
}

@article{2012_Wang_ShorttermWindSpeed,
  title = {Short-Term Wind Speed Forecast Model for Wind Farms Based on Genetic {{BP}} Neural Network},
  author = {Wang, D.-M and Wang, L. and Zhang, G.-M},
  date = {2012-05},
  journaltitle = {Zhejiang Daxue Xuebao (Gongxue Ban)/Journal of Zhejiang University (Engineering Science)},
  volume = {46},
  pages = {837-841+904},
  doi = {10.3785/j.issn.1008-973X.2012.05.010}
}

@inproceedings{2015_He_SparsifiedVectorAutoregressive,
  title = {A Sparsified Vector Autoregressive Model for Short-Term Wind Farm Power Forecasting},
  booktitle = {2015 {{IEEE Power}} \& {{Energy Society General Meeting}}},
  author = {He, Miao and Vittal, Vijay and Zhang, Junshan},
  date = {2015-07},
  pages = {1--5},
  publisher = {{IEEE}},
  location = {{Denver, CO, USA}},
  doi = {10.1109/PESGM.2015.7285972},
  eventtitle = {2015 {{IEEE Power}} \& {{Energy Society General Meeting}}},
  isbn = {978-1-4673-8040-9}
}

@inproceedings{2016_Allende_RecurrentNetworksWind,
  title = {Recurrent Networks for Wind Speed Forecasting},
  booktitle = {International {{Conference}} on {{Pattern Recognition Systems}} ({{ICPRS}}-16)},
  author = {Allende, H. and Lopez, E. and Valle, C.},
  date = {2016},
  publisher = {{Institution of Engineering and Technology}},
  location = {{Talca, Chile}},
  doi = {10.1049/ic.2016.0036},
  eventtitle = {International {{Conference}} on {{Pattern Recognition Systems}} ({{ICPRS}}-16)},
  isbn = {978-1-78561-283-1}
}

@article{2016_Cadenas_WindSpeedPrediction,
  title = {Wind {{Speed Prediction Using}} a {{Univariate ARIMA Model}} and a {{Multivariate NARX Model}}},
  author = {Cadenas, Erasmo and Rivera, Wilfrido and Campos-Amezcua, Rafael and Heard, Christopher},
  date = {2016-02-17},
  journaltitle = {Energies},
  volume = {9},
  pages = {109},
  doi = {10.3390/en9020109},
  number = {2}
}

@article{2016_Koivisto_WindSpeedModeling,
  title = {Wind Speed Modeling Using a Vector Autoregressive Process with a Time-Dependent Intercept Term},
  author = {Koivisto, Matti and Seppänen, Janne and Mellin, Ilkka and Ekström, Jussi and Millar, John and Mammarella, Ivan and Komppula, Mika and Lehtonen, Matti},
  date = {2016-05},
  journaltitle = {International Journal of Electrical Power \& Energy Systems},
  volume = {77},
  pages = {91--99},
  doi = {10.1016/j.ijepes.2015.11.027}
}

@article{2017_Chang_ImprovedNeuralNetworkbased,
  title = {An Improved Neural Network-Based Approach for Short-Term Wind Speed and Power Forecast},
  author = {Chang, G.W. and Lu, H.J. and Chang, Y.R. and Lee, Y.D.},
  date = {2017-05},
  journaltitle = {Renewable Energy},
  volume = {105},
  pages = {301--311},
  doi = {10.1016/j.renene.2016.12.071}
}

@article{2017_Zhang_HybridMethodShortTerm,
  title = {A {{Hybrid Method}} for {{Short}}-{{Term Wind Speed Forecasting}}},
  author = {Zhang, Jinliang and Wei, YiMing and Tan, Zhong-fu and Ke, Wang and Tian, Wei},
  date = {2017-04-12},
  journaltitle = {Sustainability},
  volume = {9},
  pages = {596},
  doi = {10.3390/su9040596},
  number = {4}
}

@article{2018_Alencar_HybridApproachCombining,
  title = {Hybrid {{Approach Combining SARIMA}} and {{Neural Networks}} for {{Multi}}-{{Step Ahead Wind Speed Forecasting}} in {{Brazil}}},
  author = {Alencar, David B. and Affonso, Carolina M. and Oliveira, Roberto C. L. and Filho, Jose C. R.},
  date = {2018},
  journaltitle = {IEEE Access},
  volume = {6},
  pages = {55986--55994},
  doi = {10.1109/ACCESS.2018.2872720}
}

@inproceedings{2018_Dong_WindPowerPrediction,
  title = {Wind {{Power Prediction Based}} on {{Recurrent Neural Network}} with {{Long Short}}-{{Term Memory Units}}},
  booktitle = {2018 {{International Conference}} on {{Renewable Energy}} and {{Power Engineering}} ({{REPE}})},
  author = {Dong, Danting and Sheng, Zhihao and Yang, Tiancheng},
  date = {2018-11},
  pages = {34--38},
  publisher = {{IEEE}},
  location = {{Toronto, ON, Canada}},
  doi = {10.1109/REPE.2018.8657666},
  eventtitle = {2018 {{IEEE International Conference}} on {{Renewable Energy}} and {{Power Engineering}} ({{REPE}})},
  isbn = {978-1-5386-9365-0}
}

@article{2018_Liu_WindSpeedForecasting,
  title = {Wind Speed Forecasting Method Based on Deep Learning Strategy Using Empirical Wavelet Transform, Long Short Term Memory Neural Network and {{Elman}} Neural Network},
  author = {Liu, Hui and Mi, Xi-wei and Li, Yan-fei},
  date = {2018-01},
  journaltitle = {Energy Conversion and Management},
  volume = {156},
  pages = {498--514},
  doi = {10.1016/j.enconman.2017.11.053}
}

@inproceedings{2018_Yao_MultidimensionalLSTMNetworks,
  title = {Multidimensional {{LSTM Networks}} to {{Predict Wind Speed}}},
  booktitle = {2018 37th {{Chinese Control Conference}} ({{CCC}})},
  author = {Yao, Wanye and Huang, Pu and Jia, Zhaoxin},
  date = {2018-07},
  pages = {7493--7497},
  publisher = {{IEEE}},
  location = {{Wuhan}},
  doi = {10.23919/ChiCC.2018.8484017},
  eventtitle = {2018 37th {{Chinese Control Conference}} ({{CCC}})},
  isbn = {978-988-15639-5-8}
}

@article{2019_Adnan_ComparisonLSSVRM5RT,
  title = {Comparison of {{LSSVR}}, {{M5RT}}, {{NF}}-{{GP}}, and {{NF}}-{{SC Models}} for {{Predictions}} of {{Hourly Wind Speed}} and {{Wind Power Based}} on {{Cross}}-{{Validation}}},
  author = {Adnan, Rana and Liang, Zhongmin and Yuan, Xiaohui and Kisi, Ozgur and Akhlaq, Muhammad and Li, Binquan},
  date = {2019-01-21},
  journaltitle = {Energies},
  volume = {12},
  pages = {329},
  doi = {10.3390/en12020329},
  number = {2}
}

@article{2019_Cali_ShorttermWindPower,
  title = {Short-Term Wind Power Forecasting Using Long-Short Term Memory Based Recurrent Neural Network Model and Variable Selection},
  author = {Cali, Umit and Sharma, Vinayak},
  date = {2019-03},
  journaltitle = {IJSGCE},
  pages = {103--110},
  doi = {10.12720/sgce.8.2.103-110}
}

@article{2019_Chen_MultifactorSpatiotemporalCorrelation,
  title = {Multifactor Spatio-Temporal Correlation Model Based on a Combination of Convolutional Neural Network and Long Short-Term Memory Neural Network for Wind Speed Forecasting},
  author = {Chen, Yong and Zhang, Shuai and Zhang, Wenyu and Peng, Juanjuan and Cai, Yishuai},
  date = {2019-04},
  journaltitle = {Energy Conversion and Management},
  volume = {185},
  pages = {783--799},
  doi = {10.1016/j.enconman.2019.02.018}
}

@inproceedings{2019_Haddad_WindSolarForecasting,
  title = {Wind and Solar Forecasting for Renewable Energy System Using {{SARIMA}}-Based Model},
  author = {Haddad, Marwa and Nicod, Jean-Marc and Boubacar Mainassara, Yacouba and Rabehasaina, Landy and Al Masry, Zeina and Péra, Marie-Cécile},
  date = {2019-09}
}

@article{2019_Khodayar_IntervalDeepGenerative,
  title = {Interval {{Deep Generative Neural Network}} for {{Wind Speed Forecasting}}},
  author = {Khodayar, Mahdi and Wang, Jianhui and Manthouri, Mohammad},
  date = {2019-07},
  journaltitle = {IEEE Trans. Smart Grid},
  volume = {10},
  pages = {3974--3989},
  doi = {10.1109/TSG.2018.2847223},
  number = {4}
}

@inproceedings{2019_Prabha_WindSpeedForecasting,
  title = {Wind {{Speed Forecasting}} Using {{Long Short Term Memory Networks}}},
  booktitle = {2019 2nd {{International Conference}} on {{Intelligent Computing}}, {{Instrumentation}} and {{Control Technologies}} ({{ICICICT}})},
  author = {Prabha and Vanitha and Remsi},
  date = {2019-07},
  pages = {1310--1314},
  publisher = {{IEEE}},
  location = {{Kannur,Kerala, India}},
  doi = {10.1109/ICICICT46008.2019.8993279},
  eventtitle = {2019 2nd {{International Conference}} on {{Intelligent Computing}}, {{Instrumentation}} and {{Control Technologies}} ({{ICICICT}})},
  isbn = {978-1-72810-282-5 978-1-72810-283-2}
}

@article{2019_Samet_EvaluationNeuralNetworkbased,
  title = {Evaluation of Neural Network-Based Methodologies for Wind Speed Forecasting},
  author = {Samet, Haidar and Reisi, Mohammad and Marzbani, Fatemeh},
  date = {2019-09},
  journaltitle = {Computers \& Electrical Engineering},
  volume = {78},
  pages = {356--372},
  doi = {10.1016/j.compeleceng.2019.07.024}
}

@article{2019_TenaGarcia_ForecastDailyOutput,
  title = {Forecast of Daily Output Energy of Wind Turbine Using {{sARIMA}} and Nonlinear Autoregressive Models},
  author = {Tena García, Jorge Luis and Cadenas Calderón, Erasmo and González Ávalos, Gilberto and Rangel Heras, Eduardo and Mbikayi Tshikala, Alain},
  date = {2019-02},
  journaltitle = {Advances in Mechanical Engineering},
  volume = {11},
  doi = {10.1177/1687814018813464},
  number = {2}
}

@article{2020_Delgado_WindTurbineData,
  title = {Wind {{Turbine Data Analysis}} and {{LSTM}}-{{Based Prediction}} in {{SCADA System}}},
  author = {Delgado, Imre and Fahim, Muhammad},
  date = {2020-12-29},
  journaltitle = {Energies},
  volume = {14},
  pages = {125},
  doi = {10.3390/en14010125},
  number = {1}
}

@article{2020_Dupre_SubhourlyForecastingWind,
  title = {Sub-Hourly Forecasting of Wind Speed and Wind Energy},
  author = {Dupré, Aurore and Drobinski, Philippe and Alonzo, Bastien and Badosa, Jordi and Briard, Christian and Plougonven, Riwal},
  date = {2020-01},
  journaltitle = {Renewable Energy},
  volume = {145},
  pages = {2373--2379},
  doi = {10.1016/j.renene.2019.07.161}
}

@inproceedings{2020_Moharm_WindSpeedForecast,
  title = {Wind {{Speed Forecast}} Using {{LSTM}} and {{Bi}}-{{LSTM Algorithms}} over {{Gabal El}}-{{Zayt Wind Farm}}},
  booktitle = {2020 {{International Conference}} on {{Smart Grids}} and {{Energy Systems}} ({{SGES}})},
  author = {Moharm, Karim and Eltahan, Mohamed and Elsaadany, Ehab},
  date = {2020-11},
  pages = {922--927},
  publisher = {{IEEE}},
  location = {{Perth, Australia}},
  doi = {10.1109/SGES51519.2020.00169},
  eventtitle = {2020 {{International Conference}} on {{Smart Grids}} and {{Energy Systems}} ({{SGES}})},
  isbn = {978-1-72818-550-7}
}

@article{2020_Zhao_ShorttermAverageWind,
  title = {Short-Term Average Wind Speed and Turbulent Standard Deviation Forecasts Based on One-Dimensional Convolutional Neural Network and the Integrate Method for Probabilistic Framework},
  author = {Zhao, Xinyu and Jiang, Na and Liu, Jinfu and Yu, Daren and Chang, Juntao},
  date = {2020-01},
  journaltitle = {Energy Conversion and Management},
  volume = {203},
  doi = {10.1016/j.enconman.2019.112239}
}

@online{2021_OpenStreetMap-Contributors_UMap,
  title = {{{uMap}}},
  author = {OpenStreetMap-Contributors},
  date = {2021-07-05},
  url = {https://umap.openstreetmap.de/de/map/unbenannte-karte_15709#10/48.4547/9.9028},
  urldate = {2021-07-05}
}

@online{badrDifferentWaysCompensate2019,
  title = {6 {{Different Ways}} to {{Compensate}} for {{Missing Values In}} a {{Dataset}}},
  author = {Badr, Will},
  date = {2019-01-05},
  url = {https://towardsdatascience.com/6-different-ways-to-compensate-for-missing-values-data-imputation-with-examples-6022d9ca0779},
  urldate = {2020-09-16},
  organization = {{towardsdatascience}}
}

@report{BDEWVKUGEODELeitfaden2020,
  title = {{{BDEW}}/{{VKU}}/{{GEODE}}-{{Leitfaden}} - {{Abwicklung}} von {{Standardlastprofilen Gas}}},
  date = {2020-03-31},
  institution = {{BDEW Bundesverband der Energie-und Wasserwirtschaft e. V}},
  location = {{Berlin}},
  url = {https://www.bdew.de/media/documents/20200331_KoV_XI_LF_SLP_Gas_clean_final.pdf},
  urldate = {2020-09-10}
}

@online{bmbf-internetredaktionKuenstlicheIntelligenzBMBF,
  title = {Künstliche Intelligenz - BMBF},
  author = {BMBF-Internetredaktion},
  url = {https://www.bmbf.de/de/kuenstliche-intelligenz-5965.html},
  urldate = {2020-07-29},
  keywords = {ki-strategie},
  organization = {{Bundesministerium für Bildung und Forschung - BMBF}}
}

@online{brownleeGentleIntroductionRectified2019,
  title = {A {{Gentle Introduction}} to the {{Rectified Linear Unit}} ({{ReLU}})},
  author = {Brownlee, Jason},
  date = {2019-01-08T18:00:20+00:00},
  url = {https://machinelearningmastery.com/rectified-linear-activation-function-for-deep-learning-neural-networks/},
  urldate = {2020-09-28},
  organization = {{Machine Learning Mastery}}
}

@online{brownleeHowReduceOverfitting2018,
  title = {How to {{Reduce Overfitting With Dropout Regularization}} in {{Keras}}},
  author = {Brownlee, Jason},
  date = {2018-12-04T18:00:08+00:00},
  url = {https://machinelearningmastery.com/how-to-reduce-overfitting-with-dropout-regularization-in-keras/},
  urldate = {2020-09-11},
  keywords = {lstm},
  organization = {{Machine Learning Mastery}}
}

@online{brownleeHowUseData2019,
  title = {How to Use {{Data Scaling Improve Deep Learning Model Stability}} and {{Performance}}},
  author = {Brownlee, Jason},
  date = {2019-02-03T18:00:34+00:00},
  url = {https://machinelearningmastery.com/how-to-improve-neural-network-stability-and-modeling-performance-with-data-scaling/},
  urldate = {2020-07-23},
  keywords = {normierung},
  organization = {{Machine Learning Mastery}}
}

@online{brownleeWhyInitializeNeural2018,
  title = {Why {{Initialize}} a {{Neural Network}} with {{Random Weights}}?},
  author = {Brownlee, Jason},
  date = {2018-07-31T19:00:29+00:00},
  url = {https://machinelearningmastery.com/why-initialize-a-neural-network-with-random-weights/},
  urldate = {2020-08-26},
  keywords = {init},
  organization = {{Machine Learning Mastery}}
}

@online{brownleeWhyOneHotEncode2017,
  title = {Why {{One}}-{{Hot Encode Data}} in {{Machine Learning}}?},
  author = {Brownlee, Jason},
  date = {2017-07-27T19:00:31+00:00},
  url = {https://machinelearningmastery.com/why-one-hot-encode-data-in-machine-learning/},
  urldate = {2020-07-23},
  keywords = {one-hot-encoding},
  organization = {{Machine Learning Mastery}}
}

@online{budhirajaLearningLessLearn2018,
  title = {Learning {{Less}} to {{Learn Better}} - {{Dropout}} in ({{Deep}}) {{Machine}} Learning},
  author = {Budhiraja, Amar},
  date = {2018-03-06T11:07:06},
  url = {https://medium.com/@amarbudhiraja/https-medium-com-amarbudhiraja-learning-less-to-learn-better-dropout-in-deep-machine-learning-74334da4bfc5},
  urldate = {2020-04-07},
  keywords = {dropout,keras},
  organization = {{Medium}}
}

@online{bushaevAdamLatestTrends2018,
  title = {Adam — Latest Trends in Deep Learning Optimization},
  author = {Bushaev, Vitaly},
  date = {2018-10-24T05:37:00},
  url = {https://towardsdatascience.com/adam-latest-trends-in-deep-learning-optimization-6be9a291375c},
  urldate = {2020-09-26},
  organization = {{Medium}}
}

@article{catalinaMultipleRegressionModel2013,
  title = {Multiple Regression Model for Fast Prediction of the Heating Energy Demand},
  author = {Catalina, Tiberiu and Iordache, Vlad and Caracaleanu, Bogdan},
  date = {2013-02},
  journaltitle = {Energy and Buildings},
  volume = {57},
  pages = {302--312},
  doi = {10.1016/j.enbuild.2012.11.010}
}

@book{cholletDeepLearningMit2018,
  title = {Deep Learning mit Python und Keras: das Praxis-Handbuch},
  shorttitle = {Deep Learning mit Python und Keras},
  author = {Chollet, François},
  date = {2018},
  edition = {1. Auflage},
  publisher = {{mitp}},
  location = {{Frechen}},
  isbn = {978-3-95845-838-3 978-3-95845-839-0 978-3-95845-840-6},
  pagetotal = {443}
}

@article{curryMethodSteepestDescent1944,
  title = {The Method of Steepest Descent for Non-Linear Minimization Problems},
  author = {Curry, Haskell B.},
  date = {1944-10-01},
  journaltitle = {Quart. Appl. Math.},
  volume = {2},
  pages = {258--261},
  doi = {10.1090/qam/10667},
  number = {3}
}

@online{DeepLearningMehr,
  title = {Deep Learning - Mehr Orientierung durch tiefe neuronale Netze},
  url = {https://www.deutschlandfunk.de/deep-learning-mehr-orientierung-durch-tiefe-neuronale-netze.684.de.html?dram:article_id=453839},
  urldate = {2020-04-07},
  organization = {{Deutschlandfunk}}
}

@article{dotzauerSimpleModelPrediction2002,
  title = {Simple Model for Prediction of Loads in District-Heating Systems},
  author = {Dotzauer, Erik},
  date = {2002-11},
  journaltitle = {Applied Energy},
  volume = {73},
  pages = {277--284},
  doi = {10.1016/S0306-2619(02)00078-8},
  keywords = {konventionell},
  number = {3-4}
}

@book{dunkelbergFernwarmeKlimaneutralTransformieren2020,
  title = {Fernwärme Klimaneutral Transformieren. {{Eine Bewertung}} Der {{Handlungsoptionen}} Am {{Beispiel Berlin Nord}}-{{Neukölln}}},
  author = {Dunkelberg, Elisa and Deisböck, Alexander and Herrmann, Benjamin and Hirschl, Bernd and Mitzinger, Tino and Röder, Johannes and Salecki, Steven and Thier, Pablo and Wassermann, Timo},
  date = {2020-06},
  volume = {218/2020},
  location = {{Berlin}},
  isbn = {978-3-940920-22-5},
  series = {Schriftenreihe Des {{IÖW}}}
}

@article{dysonMeetingEnricoFermi2004,
  title = {A Meeting with {{Enrico Fermi}} - {{How}} One Intuitive Physicist Rescued a Team from Fruitless Research.},
  author = {Dyson, Freeman},
  date = {2004-01-22},
  number = {427}
}

@online{elimuUnderstandingEpochsBatches2019,
  title = {Understanding {{Epochs}} and {{Batches}}},
  author = {Elimu, Michael},
  date = {2019-06-16T15:47:42},
  url = {https://medium.com/@elimu.michael9/understanding-epochs-and-batches-23120a04b3cb},
  urldate = {2020-09-17},
  organization = {{Medium}}
}

@inbook{ellerWaermenachfrageDeutschland2015,
  title = {Wärmenachfrage in Deutschland},
  booktitle = {Integration erneuerbarer Energien mit Power-to-Heat in Deutschland},
  author = {Eller, Dominik},
  date = {2015},
  pages = {75--107},
  publisher = {{Springer Fachmedien Wiesbaden}},
  location = {{Wiesbaden}},
  doi = {10.1007/978-3-658-10561-7_5},
  bookauthor = {Eller, Dominik},
  isbn = {978-3-658-10560-0 978-3-658-10561-7}
}

@book{ernstGrundkursInformatikGrundlagen2015,
  title = {Grundkurs Informatik: Grundlagen und Konzepte für die erfolgreiche IT-Praxis ; eine umfassende, praxisorientierte Einführung},
  shorttitle = {Grundkurs Informatik},
  author = {Ernst, Hartmut and Schmidt, Jochen and Beneken, Gerd Hinrich},
  date = {2015},
  edition = {5., vollständig überarbeitete Auflage},
  publisher = {{Springer Vieweg}},
  location = {{Wiesbaden}},
  isbn = {978-3-658-01627-2 978-3-658-01628-9},
  keywords = {buch},
  pagetotal = {808},
  series = {Lehrbuch}
}

@artwork{fdelocheEnglishDiagramOneunit2017,
  title = {English: {{A}} Diagram for a One-Unit {{Long Short}}-{{Term Memory}} ({{LSTM}}). {{From}} Bottom to Top~: Input State, Hidden State and Cell State, Output State. {{Gates}} Are Sigmoïds or Hyperbolic Tangents. {{Other}} Operators~: Element-Wise plus and Multiplication. {{Weights}} Are Not Displayed.{{Inspired}} from {{Understanding LSTM}}, {{Blog}} of {{C}}. {{Olah}}},
  shorttitle = {English},
  author = {{fdeloche}},
  date = {2017-06-20},
  url = {https://commons.wikimedia.org/wiki/File:Long_Short-Term_Memory.svg},
  urldate = {2020-08-25},
  keywords = {fig,lstm}
}

@online{FigRecurrentNeural,
  title = {Fig. 3. {{Recurrent Neural Network Structure}}. {{The}} Left Is the Typical {{RNN}}...},
  url = {https://www.researchgate.net/figure/Recurrent-Neural-Network-Structure-The-left-is-the-typical-RNN-structure-The-right-part_fig3_311805526},
  urldate = {2020-08-25},
  keywords = {fig,rnn},
  organization = {{ResearchGate}}
}

@article{finkenrathInnovativeLastprognosenMit2018,
  title = {Innovative {{Lastprognosen}} Mit "{{Deep Learning}}" {{Methoden}}},
  author = {Finkenrath, Matthias and Faber, Till and Groß, Johannes},
  date = {2018},
  journaltitle = {EuroHeat\&Power},
  volume = {47},
  pages = {35--38},
  url = {https://www.hs-kempten.de/fileadmin/fh-kempten/FZA/KWK-Flex/EuroHeat___Power_2018_1-2-18_S._35-38.pdf},
  urldate = {2020-03-25},
  keywords = {expo_ist,expo_soll,paper}
}

@inproceedings{finkenrathOptimierteWaermelastprognoseMittels2019,
  title = {Optimierte Wärmelastprognose mittels „Deep Learning”},
  booktitle = {Kraftwerkstechnik 2019},
  author = {Finkenrath, Matthias and Faber, Till},
  date = {2019-10},
  location = {{Dresden}},
  eventtitle = {51. KRAFTWERKSTECHNISCHES KOLLOQUIUM},
  isbn = {978-3-934409-93-4},
  keywords = {DeepDHC,paper}
}

@report{friedrichsWarmelastprognose2014,
  title = {Wärmelastprognose},
  author = {Friedrichs, Godeke and Gerke, Nils},
  date = {2014-09},
  pages = {66},
  institution = {{Hochschule für Angewandte Wissenschaften Hamburg}},
  location = {{Hamburg}},
  keywords = {Metadaten überarbeiten},
  type = {Masterthesis}
}

@online{geninOptimizationsGradientDescent2016,
  title = {Optimizations of {{Gradient Descent}}},
  author = {Genin, Victor},
  date = {2016-03-25},
  url = {http://dsdeepdive.blogspot.com/2016/03/optimizations-of-gradient-descent.html},
  urldate = {2020-09-17}
}

@book{geronHandsonMachineLearning2019,
  title = {Hands-on Machine Learning with {{Scikit}}-{{Learn}}, {{Keras}}, and {{TensorFlow}}: Concepts, Tools, and Techniques to Build Intelligent Systems},
  shorttitle = {Hands-on Machine Learning with {{Scikit}}-{{Learn}}, {{Keras}}, and {{TensorFlow}}},
  author = {Géron, Aurélien},
  date = {2019},
  publisher = {{O'Reilly}},
  location = {{Tokyo}},
  isbn = {978-1-4920-3264-9}
}

@online{goodfellowDeepLearning2016,
  title = {Deep Learning},
  author = {Goodfellow, Ian and Bengio, Yoshua and Courville, Aaron},
  date = {2016},
  url = {http://www.deeplearningbook.org},
  urldate = {2020-04-19},
  keywords = {buch,expo_ist,expo_soll}
}

@book{GrundkursInformatikKap,
  title = {Grundkurs {{Informatik}}: {{Kap}} 18 {{Maschinelles Lernen}}},
  keywords = {_tablet,buch}
}

@online{GuideSplittingDatasets2019,
  title = {A {{Guide}} on {{Splitting Datasets With Train}}\_test\_split {{Function}}},
  date = {2019-11-25},
  url = {https://www.bitdegree.org/learn/train-test-split},
  urldate = {2020-09-11},
  keywords = {split},
  organization = {{BitDegree}},
  type = {Blog}
}

@online{hadjisOmnivoreOptimizerMultidevice2016,
  title = {Omnivore: {{An Optimizer}} for {{Multi}}-Device {{Deep Learning}} on {{CPUs}} and {{GPUs}}},
  shorttitle = {Omnivore},
  author = {Hadjis, Stefan and Zhang, Ce and Mitliagkas, Ioannis and Iter, Dan and Ré, Christopher},
  date = {2016-10-19},
  url = {http://arxiv.org/abs/1606.04487},
  urldate = {2020-07-21},
  archiveprefix = {arXiv},
  eprint = {1606.04487},
  eprinttype = {arxiv},
  keywords = {Computer Science - Distributed; Parallel; and Cluster Computing,Computer Science - Machine Learning,I.2.6}
}

@software{hangVercacaNNBackpropagation2019,
  title = {Vercaca/{{NN}}-{{Backpropagation}}},
  author = {Hang, Cheang Weng},
  date = {2019-05-21T20:00:43Z},
  origdate = {2019-03-03T14:44:16Z},
  url = {https://github.com/Vercaca/NN-Backpropagation},
  urldate = {2020-10-07},
  keywords = {backpropagation,gradient-descent,machine-learning,neural-network,python,sgd-optimizer,stochastic-gradient-descent}
}

@online{heatonNumberHiddenLayers2017,
  title = {The {{Number}} of {{Hidden Layers}}},
  author = {Heaton, Jeff},
  date = {2017-06-01},
  url = {https://www.heatonresearch.com/2017/06/01/hidden-layers.html},
  urldate = {2020-04-19},
  organization = {{Heaton Research}}
}

@online{HeXavierInitialization2019,
  title = {He/{{Xavier}} Initialization \& Activation Functions: Choose Wisely},
  shorttitle = {He/{{Xavier}} Initialization \& Activation Functions},
  date = {2019-09-16T06:46:38+00:00},
  url = {https://www.machinecurve.com/index.php/2019/09/16/he-xavier-initialization-activation-functions-choose-wisely/},
  urldate = {2020-08-26},
  keywords = {init},
  organization = {{MachineCurve}}
}

@online{hinzeSpammendeNutzerAutomatisiert2016,
  title = {Spammende {{Nutzer}} Automatisiert Erkennen},
  author = {Hinze, Chris},
  date = {2016-12},
  url = {https://www.linux-magazin.de/ausgaben/2016/12/machine-learning/},
  urldate = {2020-10-07},
  organization = {{Linux-Magazin}}
}

@inproceedings{hossenShorttermLoadForecasting2017,
  title = {Short-Term Load Forecasting Using Deep Neural Networks ({{DNN}})},
  booktitle = {2017 {{North American Power Symposium}} ({{NAPS}})},
  author = {Hossen, Tareq and Plathottam, Siby Jose and Angamuthu, Radha Krishnan and Ranganathan, Prakash and Salehfar, Hossein},
  date = {2017-09},
  pages = {1--6},
  publisher = {{IEEE}},
  location = {{Morgantown, WV}},
  doi = {10.1109/NAPS.2017.8107271},
  eventtitle = {2017 {{North American Power Symposium}} ({{NAPS}})},
  isbn = {978-1-5386-2699-3},
  keywords = {paper}
}

@article{idowuAppliedMachineLearning2016,
  title = {Applied Machine Learning: {{Forecasting}} Heat Load in District Heating System},
  shorttitle = {Applied Machine Learning},
  author = {Idowu, Samuel and Saguna, Saguna and Åhlund, Christer and Schelén, Olov},
  date = {2016-12},
  journaltitle = {Energy and Buildings},
  volume = {133},
  pages = {478--488},
  doi = {10.1016/j.enbuild.2016.09.068},
  keywords = {expo_ist,expo_soll,paper,pearson}
}

@inproceedings{idowuForecastingHeatLoad2014,
  title = {Forecasting {{Heat Load}} for {{Smart District Heating Systems}}: {{A Machine Learning Approach}}},
  author = {Idowu, Samuel and Saguna, Saguna and Åhlund, Christer and Schelén, Olov},
  date = {2014},
  pages = {554--569},
  publisher = {{IEEE}},
  location = {{Piscataway, NJ}},
  eventtitle = {{{IEEE International Conference}} on {{Smart Grid Communications}}},
  isbn = {978-1-4799-4933-5 978-1-4799-4934-2},
  keywords = {Metadaten überarbeiten,paper}
}

@book{ieeestaff2016InternationalConference2016,
  title = {2016 {{International Conference}} on {{Information Technology Systems}} and {{Innovation}} ({{ICITSI}}).},
  author = {{IEEE Staff}},
  date = {2016},
  publisher = {{IEEE}},
  location = {{Piscataway}},
  url = {http://ieeexplore.ieee.org/servlet/opac?punumber=7842413},
  urldate = {2020-07-21},
  isbn = {978-1-5090-2450-6 978-1-5090-2449-0}
}

@article{kalogirouArtificialNeuralNetworks2000,
  title = {Artificial Neural Networks for the Prediction of the Energy Consumption of a Passive Solar Building},
  author = {Kalogirou, S},
  date = {2000-05},
  journaltitle = {Energy},
  volume = {25},
  pages = {479--491},
  doi = {10.1016/S0360-5442(99)00086-9},
  number = {5}
}

@inproceedings{katoHeatLoadPrediction2008,
  title = {Heat Load Prediction through Recurrent Neural Network in District Heating and Cooling Systems},
  booktitle = {2008 {{IEEE International Conference}} on {{Systems}}, {{Man}} and {{Cybernetics}}},
  author = {Kato, Kosuke and Sakawa, Masatoshi and {Keiichi Ishimaru} and Ushiro, Satoshi and {Toshihiro Shibano}},
  date = {2008-10},
  pages = {1401--1406},
  publisher = {{IEEE}},
  location = {{Singapore}},
  doi = {10.1109/ICSMC.2008.4811482},
  eventtitle = {2008 {{IEEE International Conference}} on {{Systems}}, {{Man}} and {{Cybernetics}} ({{SMC}})},
  isbn = {978-1-4244-2383-5},
  keywords = {expo_ist,expo_soll,paper}
}

@online{katzlbergerBiologischeUndKunstliche2019,
  title = {Biologische und künstliche Neuronen im Vergleich},
  author = {Katzlberger, Michael},
  date = {2019-12-13T13:26:29+00:00},
  url = {https://katzlberger.ai/2019/12/13/biologische-und-kuenstliche-neuronen-im-vergleich/},
  urldate = {2020-10-07},
  organization = {{Artificial Creativity}}
}

@online{khandelwalCheckpointingDeepLearning2020,
  title = {Checkpointing {{Deep Learning Models}} in {{Keras}}},
  author = {Khandelwal, Renu},
  date = {2020-02-23T15:53:50},
  url = {https://towardsdatascience.com/checkpointing-deep-learning-models-in-keras-a652570b8de6},
  urldate = {2020-09-13},
  organization = {{Medium}}
}

@online{kohneAnomalienMitH2o2019,
  title = {Anomalien Mit {{H2o}}.Ai - {{Isolation Forests}} Finden Und Erklären},
  author = {Köhne, Frank},
  date = {2019-04-26},
  url = {https://blog.viadee.de/isolation-forests-anomalien-mit-h2o-ai},
  urldate = {2020-07-19},
  keywords = {isolationForest}
}

@inreference{KollektiveIntelligenz2021,
  title = {Kollektive Intelligenz},
  booktitle = {Wikipedia},
  date = {2021-05-19T19:47:12Z},
  url = {https://de.wikipedia.org/w/index.php?title=Kollektive_Intelligenz&oldid=212138383},
  urldate = {2021-06-08}
}

@book{krieselKleinerUberblickUber2007,
  title = {Ein Kleiner {{Überblick}} Über Neuronale {{Netze}}},
  author = {Kriesel, David},
  date = {2007},
  url = {http://www.dkriesel.com/science/neural_networks},
  urldate = {2020-03-25},
  keywords = {_tablet,buch,expo_ist,expo_soll}
}

@book{kruseComputationalIntelligenceMethodische2015,
  title = {Computational Intelligence: Eine methodische Einführung in Künstliche Neuronale Netze, Evolutionäre Algorithmen, Fuzzy-Systeme und Bayes-Netze},
  shorttitle = {Computational Intelligence},
  author = {Kruse, Rudolf and Borgelt, Christian and Braune, Christian and Klawonn, Frank and Moewes, Christian and Steinbrecher, Matthias},
  date = {2015},
  publisher = {{Springer Fachmedien Wiesbaden}},
  location = {{Wiesbaden}},
  doi = {10.1007/978-3-658-10904-2},
  isbn = {978-3-658-10903-5 978-3-658-10904-2},
  keywords = {buch,expo_ist,expo_soll}
}

@online{lewinsonOutlierDetectionIsolation2018,
  title = {Outlier {{Detection}} with {{Isolation Forest}}},
  author = {Lewinson, Eryk},
  date = {2018-07-02},
  url = {https://towardsdatascience.com/outlier-detection-with-isolation-forest-3d190448d45e},
  urldate = {2020-07-19},
  organization = {{TowardsDataScience}}
}

@article{liuIsolationForest2008,
  title = {Isolation {{Forest}}},
  author = {Liu, Fei Tony and Ting, Kai Ming and Zhou, Zhi-Hua},
  date = {2008},
  journaltitle = {Data Mining},
  url = {https://cs.nju.edu.cn/zhouzh/zhouzh.files/publication/icdm08b.pdf?q=isolation-forest},
  urldate = {2020-07-07}
}

@online{luberWasIstLong2018,
  title = {Was Ist Ein {{Long Short}}-{{Term Memory}}?},
  author = {Luber, Stefan},
  date = {2018-11-12},
  url = {https://www.bigdata-insider.de/was-ist-ein-long-short-term-memory-a-774848/},
  urldate = {2020-09-12},
  keywords = {lstm}
}

@online{luDyingReLUInitialization2019,
  title = {Dying {{ReLU}} and {{Initialization}}: {{Theory}} and {{Numerical Examples}}},
  shorttitle = {Dying {{ReLU}} and {{Initialization}}},
  author = {Lu, Lu and Shin, Yeonjong and Su, Yanhui and Karniadakis, George Em},
  date = {2019-11-12},
  url = {http://arxiv.org/abs/1903.06733},
  urldate = {2020-08-25},
  archiveprefix = {arXiv},
  eprint = {1903.06733},
  eprinttype = {arxiv},
  keywords = {Computer Science - Machine Learning,Mathematics - Probability,Statistics - Machine Learning}
}

@report{maassFernwarmeStrategienFur2015,
  title = {Fernwärme 3.0 - {{Strategien}} Für Eine Zukunftsorientierte {{Fernwärmepolitik}}},
  author = {Maaß, Christian and Sandrock, Matthias and Schaeffer, Roland},
  date = {2015-01-26},
  institution = {{HIR Hamburg Institut Research gGmbH}},
  location = {{Hamburg}},
  type = {Studie}
}

@book{moolayilLearnKerasDeep2019,
  title = {Learn {{Keras}} for {{Deep Neural Networks}}: {{A Fast}}-{{Track Approach}} to {{Modern Deep Learning}} with {{Python}}},
  shorttitle = {Learn {{Keras}} for {{Deep Neural Networks}}},
  author = {Moolayil, Jojo},
  date = {2019},
  publisher = {{Apress}},
  location = {{Berkeley, CA}},
  doi = {10.1007/978-1-4842-4240-7},
  isbn = {978-1-4842-4239-1 978-1-4842-4240-7},
  keywords = {buch}
}

@article{netoComparisonDetailedModel2008,
  title = {Comparison between Detailed Model Simulation and Artificial Neural Network for Forecasting Building Energy Consumption},
  author = {Neto, Alberto Hernandez and Fiorelli, Flávio Augusto Sanzovo},
  date = {2008-01},
  journaltitle = {Energy and Buildings},
  volume = {40},
  pages = {2169--2176},
  doi = {10.1016/j.enbuild.2008.06.013},
  number = {12}
}

@article{nielsenModellingHeatConsumption2006,
  title = {Modelling the Heat Consumption in District Heating Systems Using a Grey-Box Approach},
  author = {Nielsen, Henrik Aalborg and Madsen, Henrik},
  date = {2006-01},
  journaltitle = {Energy and Buildings},
  volume = {38},
  pages = {63--71},
  doi = {10.1016/j.enbuild.2005.05.002},
  number = {1}
}

@report{nussbaumerPlanungshandbuchFernwarme2017,
  title = {Planungshandbuch {{Fernwärme}}},
  author = {Nussbaumer, Thomas and Thalmann, Stefan and Jenni, Andreas and Ködel, Joachim},
  date = {2017-04-25},
  institution = {{EnergieSchweiz}},
  location = {{Ittigen, CH}},
  type = {Handbuch}
}

@online{olahUnderstandingLSTMNetworks2015,
  title = {Understanding {{LSTM Networks}} -- Colah's Blog},
  author = {Olah, Christopher},
  date = {2015-08-27},
  url = {https://colah.github.io/posts/2015-08-Understanding-LSTMs/},
  urldate = {2020-08-25},
  keywords = {lstm}
}

@article{parkOptimizationDistrictHeating2009,
  title = {Optimization of District Heating Systems Based on the Demand Forecast in the Capital Region},
  author = {Park, Tae Chang and Kim, Ui Sik and Kim, Lae-Hyun and Kim, Weon Ho and Yeo, Yeong Koo},
  date = {2009-11},
  journaltitle = {Korean J. Chem. Eng.},
  volume = {26},
  pages = {1484--1496},
  doi = {10.1007/s11814-009-0282-8},
  keywords = {paper},
  number = {6}
}

@article{peterAnalyseUndVergleich,
  title = {Analyse und Vergleich von verschiedenen Vorverarbeitungsschritten und Architekturen von künstlichen neuronalen Netzen zur Codegenerierung},
  author = {Peter, Anne},
  pages = {102}
}

@inproceedings{qiModelingHeatSupply2017,
  title = {Modeling of {{Heat Supply Heating Load Based}} on {{LSTM Neural Network}}},
  booktitle = {2017 {{International Conference}} on {{Computer Systems}}, {{Electronics}} and {{Control}} ({{ICCSEC}})},
  author = {Qi, Li and Xingqi, Hu},
  date = {2017-12},
  pages = {291--297},
  publisher = {{IEEE}},
  location = {{Dalian}},
  doi = {10.1109/ICCSEC.2017.8446725},
  eventtitle = {2017 {{International Conference}} on {{Computer Systems}}, {{Electronics}} and {{Control}} ({{ICCSEC}})},
  isbn = {978-1-5386-3573-5},
  keywords = {expo_ist,expo_soll,paper}
}

@online{ranjanEstimatingNonlinearCorrelation2020,
  title = {Estimating {{Non}}-Linear {{Correlation}} in {{R}}},
  author = {Ranjan, Chitta},
  date = {2020-07-01T15:32:04},
  url = {https://towardsdatascience.com/estimating-non-linear-correlation-in-r-62c6571cb1db},
  urldate = {2020-07-23},
  keywords = {pearson},
  organization = {{Medium}}
}

@online{ReleaseV518,
  title = {Release v5.4.18 · Retorquere/Zotero-Better-Bibtex},
  url = {/retorquere/zotero-better-bibtex/releases/tag/v5.4.18},
  urldate = {2021-06-08},
  organization = {{GitHub}}
}

@article{rodgersThirteenWaysLook1988,
  title = {Thirteen {{Ways}} to {{Look}} at the {{Correlation Coefficient}}},
  author = {Rodgers, Joseph Lee and Nicewander, W. Alan},
  date = {1988-02},
  journaltitle = {The American Statistician},
  volume = {42},
  pages = {59},
  doi = {10.2307/2685263},
  eprint = {2685263},
  eprinttype = {jstor},
  keywords = {pearson},
  number = {1}
}

@article{ruderOverviewGradientDescent2017,
  title = {An Overview of Gradient Descent Optimization Algorithms},
  author = {Ruder, Sebastian},
  date = {2017-06-15},
  url = {http://arxiv.org/abs/1609.04747},
  urldate = {2020-08-24},
  keywords = {Computer Science - Machine Learning}
}

@article{sakawaCoolingLoadPrediction2001,
  title = {Cooling Load Prediction in a District Heating and Cooling System through Simplified Robust Filter and Multilayered Neural Network},
  author = {Sakawa, Masatoshi and Kato, Kosuke and Ushiro, Satoshi},
  date = {2001-08},
  journaltitle = {Applied Artificial Intelligence},
  volume = {15},
  pages = {633--643},
  doi = {10.1080/088395101750363975},
  number = {7}
}

@article{salouxForecastingDistrictHeating2018,
  title = {Forecasting {{District Heating Demand}} Using {{Machine Learning Algorithms}}},
  author = {Saloux, Etienne and Candanedo, José A.},
  date = {2018-09},
  journaltitle = {Energy Procedia},
  volume = {149},
  pages = {59--68},
  doi = {10.1016/j.egypro.2018.08.169}
}

@thesis{schuhrKunstlicheNeuronaleNetze1998,
  title = {Künstliche {{Neuronale Netze}} Und Nichtlineare {{Prognose}} Univariater {{Zeitreihen}}},
  author = {Schuhr, Roland},
  date = {1998-03},
  institution = {{Philipps-Universität zu Marburg}},
  location = {{Marburg}},
  type = {Habilitationsschrift}
}

@inreference{Schwarmverhalten2021,
  title = {Schwarmverhalten},
  booktitle = {Wikipedia},
  date = {2021-02-15T13:31:56Z},
  url = {https://de.wikipedia.org/w/index.php?title=Schwarmverhalten&oldid=208841155},
  urldate = {2021-06-08}
}

@online{shaikhChoosingRightEncoding2018,
  title = {Choosing the Right {{Encoding}} Method-{{Label}} vs {{OneHot Encoder}}},
  author = {Shaikh, Raheel},
  date = {2018-11-09T14:19:01},
  url = {https://towardsdatascience.com/choosing-the-right-encoding-method-label-vs-onehot-encoder-a4434493149b},
  urldate = {2020-07-23},
  keywords = {one-hot-encoding},
  organization = {{Medium}}
}

@article{shiDeepLearningHousehold2018,
  title = {Deep {{Learning}} for {{Household Load Forecasting}}—{{A Novel Pooling Deep RNN}}},
  author = {Shi, Heng and Xu, Minghao and Li, Ran},
  date = {2018-09},
  journaltitle = {IEEE Trans. Smart Grid},
  volume = {9},
  pages = {5271--5280},
  doi = {10.1109/TSG.2017.2686012},
  keywords = {expo_ist,expo_soll,paper},
  number = {5}
}

@online{SklearnEnsembleIsolationForest,
  title = {Sklearn.Ensemble.{{IsolationForest}} — Scikit-Learn 0.23.1 Documentation},
  url = {https://scikit-learn.org/stable/modules/generated/sklearn.ensemble.IsolationForest.html},
  urldate = {2020-07-19},
  keywords = {isolationForest}
}

@online{TensorFlow,
  title = {{{TensorFlow}} for {{R}}},
  url = {https://tensorflow.rstudio.com/guide/tfdatasets/feature_columns/},
  urldate = {2020-07-27},
  keywords = {one-hot-encoding}
}

@online{TuningOptimizingMachine,
  title = {Tuning and {{Optimizing Machine Learning Models}}},
  url = {https://developer.qualcomm.com/software/qualcomm-neural-processing-sdk/learning-resources/developing-apps-with-neural-processing-sdk/tuning-optimizing-machine-learning},
  urldate = {2020-09-12},
  organization = {{Qualcomm Developer Network}}
}

@inreference{VFormation2021,
  title = {V-Formation},
  booktitle = {Wikipedia},
  date = {2021-03-01T06:30:48Z},
  url = {https://de.wikipedia.org/w/index.php?title=V-Formation&oldid=209318459},
  urldate = {2021-06-08}
}

@video{VideoreiheDeepLearning,
  title = {Videoreihe: {{Deep Learning Basics}} with {{Python}}, {{TensorFlow}} and {{Keras}}},
  url = {https://www.youtube.com/playlist?list=PLQVvvaa0QuDfhTox0AjmQ6tvTgMBZBEXN}
}

@online{viswanathanHuberErrorLoss2020,
  title = {Huber {{Error}}| {{Loss Functions}}},
  author = {Viswanathan, Gobalakrishnan},
  date = {2020-02-26T06:33:00},
  url = {https://medium.com/@gobiviswaml/huber-error-loss-functions-3f2ac015cd45},
  urldate = {2020-09-21},
  organization = {{Medium}}
}

@article{wojdygaPredictingHeatDemand2014,
  title = {Predicting {{Heat Demand}} for a {{District Heating Systems}}},
  author = {Wojdyga, Krzysztof},
  date = {2014-10-20},
  journaltitle = {IJEPE},
  volume = {3},
  pages = {237--244},
  doi = {10.11648/j.ijepe.20140305.13},
  keywords = {paper},
  number = {5}
}

@inproceedings{wuImprovingEfficiencyReliability2012,
  title = {Improving Efficiency and Reliability of Building Systems Using Machine Learning and Automated Online Evaluation},
  booktitle = {2012 {{IEEE Long Island Systems}}, {{Applications}} and {{Technology Conference}} ({{LISAT}})},
  author = {Wu, Leon and Kaiser, Gail and Solomon, David and Winter, Rebecca and Boulanger, Albert and Anderson, Roger},
  date = {2012-05},
  pages = {1--6},
  publisher = {{IEEE}},
  location = {{Farmingdale, NY, USA}},
  doi = {10.1109/LISAT.2012.6223192},
  eventtitle = {2012 {{IEEE Long Island Systems}}, {{Applications}} and {{Technology Conference}} ({{LISAT}})},
  isbn = {978-1-4577-1343-9 978-1-4577-1342-2}
}

@article{xueMultistepAheadForecasting2019,
  title = {Multi-Step Ahead Forecasting of Heat Load in District Heating Systems Using Machine Learning Algorithms},
  author = {Xue, Puning and Jiang, Yi and Zhou, Zhigang and Chen, Xin and Fang, Xiumu and Liu, Jing},
  date = {2019-12},
  journaltitle = {Energy},
  volume = {188},
  pages = {116085},
  doi = {10.1016/j.energy.2019.116085},
  keywords = {expo_soll,one-hot-encoding,paper,partitioning,scaling}
}

@software{yiIlguyiOptimizersNumpy2020,
  title = {Ilguyi/Optimizers.Numpy},
  author = {Yi, Il Gu},
  date = {2020-10-06T14:42:22Z},
  origdate = {2018-11-27T14:25:27Z},
  url = {https://github.com/ilguyi/optimizers.numpy},
  urldate = {2020-10-07}
}


